@inproceedings{sift,
  title={Object recognition from local scale-invariant features},
  author={Lowe, David G},
  booktitle={Computer vision, 1999. The proceedings of the seventh IEEE international conference on},
  volume={2},
  pages={1150--1157},
  year={1999},
  organization={Ieee}
}

@incollection{surf,
  title={Surf: Speeded up robust features},
  author={Bay, Herbert and Tuytelaars, Tinne and Van Gool, Luc},
  booktitle={Computer Vision--ECCV 2006},
  pages={404--417},
  year={2006},
  publisher={Springer}
}

@article{zhangsift,
  title={SIFT Implementation and Optimization for Multi-Core Systems},
  author={Zhang, Qi and Chen, Yurong and Zhang, Yimin and Xu, Yinlong}
}

@article{fengparallelization,
  title={Parallelization and Characterization of SIFT on Multi-Core Systems},
  author={Feng, Hao and Li, Eric and Chen, Yurong and Zhang, Yimin}
}

